@article{breiger1974,
  title={The duality of persons and groups},
  author={Breiger, Ronald L},
  journal={Social forces},
  volume={53},
  number={2},
  pages={181--190},
  year={1974}
}

@article{doreian2004,
  title={Generalized blockmodeling of two-mode network data},
  author={Doreian, Patrick and Batagelj, Vladimir and Ferligoj, Anu{\v{s}}ka},
  journal={Social networks},
  volume={26},
  number={1},
  pages={29--53},
  year={2004}
  }

@article{goodman1996single,
  title={A single general method for the analysis of cross-classified data: Reconciliation and synthesis of some methods of Pearson, Yule, and Fisher, and also some methods of correspondence analysis and association analysis},
  author={Goodman, Leo A},
  journal={Journal of the American Statistical Association},
  volume={91},
  number={433},
  pages={408--428},
  year={1996},
  publisher={Taylor \& Francis}
}

@Manual{kassambara,
  title = {ggpubr: 'ggplot2' Based Publication Ready Plots},
  author = {Alboukadel Kassambara},
  year = {2023},
  note = {R package version 0.6.0},
  url = {https://rpkgs.datanovia.com/ggpubr/},
}

@article{sokal1962comparison,
  title={The comparison of dendrograms by objective methods},
  author={Sokal, Robert R and Rohlf, F James},
  journal={Taxon},
  pages={33--40},
  year={1962}
}

@book{wickham16,
    author = {Hadley Wickham},
    title = {ggplot2: Elegant Graphics for Data Analysis},
    publisher = {Springer-Verlag New York},
    year = {2016},
    isbn = {978-3-319-24277-4},
    url = {https://ggplot2.tidyverse.org},
  }

@inproceedings{chen2005novel,
  title={Novel hybrid hierarchical-K-means clustering method (HK-means) for microarray analysis},
  author={Chen, Bernard and Tai, Phang C and Harrison, Robert and Pan, Yi},
  booktitle={2005 IEEE Computational Systems Bioinformatics Conference-Workshops (CSBW'05)},
  pages={105--108},
  year={2005},
  organization={IEEE}
}
  
@book{davis1941,
  title     = {Deep South: A Social Anthropological Study of Caste and Class},
  author    = {Davis, Allison and Gardner, Burleigh B and Gardner, Mary R},
  publisher = {University of Chicago Press},
  year      =  {1941},
  address   = {Chicago}
}

@article{ward63,
  title={Hierarchical grouping to optimize an objective function},
  author={Ward, Joe H},
  journal={Journal of the American statistical association},
  volume={58},
  number={301},
  pages={236--244},
  year={1963},
  publisher={Taylor \& Francis}
}

@article{kovacs2010,
  title={A generalized model of relational similarity},
  author={Kov{\'a}cs, Bal{\'a}zs},
  journal={Social Networks},
  volume={32},
  number={3},
  pages={197--211},
  year={2010}
  }

  @article{everett2013,
  title={The dual-projection approach for two-mode networks},
  author={Everett, Martin G and Borgatti, Stephen P},
  journal={Social networks},
  volume={35},
  number={2},
  pages={204--210},
  year={2013}
  }